2250 4200
310 342 361 399 tm
579 339 833 398 annnnr

308 512 509 585 Diversaeque
525 510 590 567 suae
607 512 691 582 agitat
707 526 792 565 mens
809 506 899 581 impia
918 524 1032 579 curae,

374 627 443 684 Nec
459 627 566 697 gaudet
581 625 655 682 casta
671 634 760 698 nupta
776 624 898 681 Neaera
918 624 1028 680 domo.
1069 619 1099 688 60

312 743 363 797 Ah
381 744 499 799 crudele
517 759 628 812 genua,
651 760 707 797 nec
725 742 815 797 tidum
832 741 946 797 femina
965 741 1088 796 nomen!

376 859 429 915 Ah
445 867 563 931 pereat,
588 858 687 913 didicit
701 858 801 913 fallere
820 858 920 931 siqua
938 857 1053 912 virum!

313 976 369 1030 Sed
387 976 462 1031 flecti
479 978 605 1049 poterit;
628 990 714 1031 mens
731 977 770 1030 est
786 974 940 1031 mutabilis
957 973 1028 1029 illis.

376 1090 429 1145 Tu
444 1091 535 1145 modo
554 1107 623 1145 cum
640 1091 732 1144 multe
748 1090 870 1145 brachia
896 1088 989 1145 tende
1008 1102 1097 1160 prece.

312 1204 423 1260 Saevus
435 1205 532 1259 Amor
546 1204 646 1260 docuit
659 1204 772 1259 validos
785 1211 901 1258 tentare
917 1202 1056 1268 iabore55
1071 1196 1099 1251 65

378 1322 489 1377 Saevus
508 1322 605 1377 Amor
622 1322 723 1376 docuit·
736 1322 864 1377 verbera
880 1322 965 1395 potse
983 1320 1050 1392 pati.

312 1434 367 1491 Me
386 1437 537 1508 quondam
554 1436 673 1491 Admeti
690 1436 794 1492 niveos
815 1436 926 1519 periise
937 1436 1092 1505 juvenem,

377 1522 452 1607 Nen
469 1552 507 1606 est
524 1552 554 1607 in
570 1568 682 1607 venum
699 1550 797 1605 fabula
814 1550 882 1606 ficta
893 1550 1016 1621 jocum.

309 1664 398 1719 Tunc
415 1680 471 1733 ego
488 1680 545 1719 nec
561 1664 673 1720 cithara
684 1670 818 1736 poteram
834 1663 968 1733 gaudere
985 1675 1092 1724 canora,

376 1777 445 1834 Nec
463 1778 569 1833 ssmiles
586 1780 708 1835 chordis
720 1780 844 1835 reddere
858 1798 941 1837 voce
952 1780 1052 1844 sonos;
1068 1772 1095 1828 70

312 1891 367 1948 Sed
385 1894 548 1964 perlucenti
564 1903 667 1951 cantus
683 1895 848 1951 meditabar
865 1912 964 1951 avena
973 1934 984 1962 ,

376 2009 431 2064 Ille
449 2026 505 2079 ego
523 2010 653 2067 Latonae
671 2011 748 2067 filius
766 2020 854 2084 atque
870 2012 976 2070 Joris.
1012 2056 1015 2060 ,

311 2123 427 2194 Nescis,
445 2127 515 2198 quid
532 2125 564 2182 fit
580 2130 691 2198 Amor,
700 2129 833 2199 juvenis,
850 2127 872 2182 sl
890 2131 970 2184 serre
988 2121 1090 2179 recusas

377 2242 527 2299 Immitem
544 2245 694 2300 dominam
713 2246 945 2318 conjugiumque
963 2243 1063 2297 serum.

312 2353 395 2425 Ergo
410 2371 448 2410 ne
466 2357 564 2414 dubita
581 2357 703 2414 blandas
720 2359 861 2414 adhibere
879 2356 1027 2431 querelas.
1062 2345 1090 2405 7⁵

376 2471 542 2530 Vincuntur
557 2473 640 2530 rhodi
657 2483 779 2547 pectora
795 2475 868 2532 dura
884 2489 988 2547 prece.

313 2589 403 2665 Quod
422 2592 440 2647 fi
459 2609 529 2648 vera
546 2603 654 2649 canunt
670 2595 757 2652 saeris
773 2594 893 2651 oracula
910 2588 1041 2662 templis,

375 2707 456 2762 Haec
474 2709 512 2763 iili
529 2711 628 2765 nostro
644 2691 765 2766 nemine
782 2710 858 2766 dicta
873 2710 971 2764 refer:

312 2819 378 2876 Hoc
394 2821 444 2876 tibi
461 2825 630 2894 eonjugium
646 2827 788 2896 promittit
802 2825 911 2883 Delius
927 2823 984 2894 ipse
989 2838 1001 2889 3

375 2933 458 2990 Felix
474 2937 550 2994 hoc!
567 2939 668 2992 Alium
680 2939 776 2996 detine
789 2939 866 2996 velle
876 2933 1044 2995 virum.“·-
1059 2927 1086 2976 9⁰

310 3049 415 3121 Dixit,
442 3061 472 3107 et
487 3040 609 3124 ignavns
625 3055 747 3112 defluxit
762 3066 882 3129 pectore
899 3057 1025 3111 somnne.

376 3154 995 3246 Mmmfflmmffimmss
