2250 4200
204 340 527 419 Eee'exunuu
560 364 599 434 1,
637 363 665 421 6.
799 365 830 427 ll

64 526 126 581 Hane
140 526 265 585 volitent
283 530 394 585 animae
411 532 524 586 circum
541 533 589 587 sua
606 533 663 588 fata
675 542 833 605 querentes

113 641 249 713 Semper,
275 650 304 699 et
321 658 337 696 e
354 646 438 699 tectis
455 630 533 701 strix
533 646 669 703 violenta
687 654 782 703 canat.

63 752 124 825 lps,
139 758 214 811 fame
232 730 396 815 stimulante
413 757 532 829 fluens,
548 758 719 880 herbasque
734 760 832 833 sepul-l

444 874 503 931 eris

112 984 256 1061 Quaerat,
276 998 305 1045 et
322 1006 339 1045 a
355 992 449 1049 saevis
465 988 525 1049 offa
541 991 642 1047 relicta
658 993 754 1064 lupis3
819 1018 835 1084 ο·

66 1098 148 1157 Currat
185 1111 215 1159 et
248 1105 416 1176 inguinibus
446 1106 555 1177 nudie,
598 1106 750 1180 ululetque
777 1123 832 1180 per

444 1220 551 1291 urbes,
627 1249 631 1258 ·
797 1222 833 1274 5⁵

110 1330 172 1391 Post
187 1345 253 1409 agat
272 1354 290 1391 e
306 1334 399 1391 triviis
416 1336 515 1409 aspera
530 1335 618 1391 turba
634 1352 754 1392 eanum·

68 1440 197 1505 Evenient!
216 1452 266 1515 dat
285 1448 361 1523 ligna
373 1450 479 1520 Deus;
497 1452 562 1505 sunt
578 1451 696 1509 numina
714 1443 833 1521 amautlt
919 1425 922 1431 4

112 1561 200 1619 Saevit
216 1576 247 1623 et
264 1566 365 1639 injusta
381 1568 446 1636 lege
465 1566 567 1623 relicta
583 1562 696 1623 Venus.

70 1672 95 1725 At
106 1682 131 1733 lu
146 1694 234 1749 quam
251 1681 383 1755 primurn
399 1682 481 1751 lagae
499 1668 655 1753 praecepta
672 1680 787 1752 rapacis

113 1790 231 1853 Deserel
252 1794 327 1851 Non
339 1795 423 1851 donis
434 1794 563 1851 vincitur
574 1794 671 1853 omnis
688 1810 784 1851 amor.
796 1782 832 1875 60

70 1898 159 1975 Pauper
174 1910 228 1966 erit
244 1911 360 1986 praello
378 1912 494 1984 semper
507 1909 559 1967 tibi
568 1929 581 1979 3
597 1926 710 1982 pauper
727 1908 815 1965 adibit

115 1998 246 2097 Primus,
268 2035 298 2081 et
313 2026 343 2083 iu
358 2035 463 2085 tenero
479 2024 557 2083 fixus
576 2027 631 2081 erit
645 2026 747 2083 latere.

72 2129 159 2208 Pauper
174 2143 203 2197 in
221 2142 341 2213 angrrsto
358 2142 434 2203 fidus
451 2142 687 2222 comeelegmine
703 2141 808 2198 turbae

117 2251 306 2330 subjicietque
323 2273 448 2327 manua,
466 2236 634 2330 efficietque
649 2259 741 2313 viam.

74 2360 160 2440 Pauper
176 2384 204 2429 et
221 2375 260 2432 ad
277 2377 373 2430 cultos
391 2373 491 2430 furtim
508 2376 635 2430 deducet
651 2376 782 2443 amicos,
798 2371 834 2430 66

117 2483 275 2566 Vinclaque
292 2491 328 2547 de
345 2492 435 2547 niveo
453 2487 590 2544 detrahet
606 2487 661 2560 ipse
679 2490 766 2560 pede.

74 2595 118 2657 Heu
131 2611 259 2670 canimus
276 2613 397 2692 frustra,
418 2625 476 2666 neo
490 2577 593 2666 uerbis
608 2609 686 2663 victa
703 2607 802 2663 fatiscit

118 2717 227 2797 Jauua,
256 2726 304 2782 sed
321 2727 405 2800 plena
423 2725 462 2780 est
479 2723 667 2798 percutienda
682 2738 783 2778 manu.

76 2825 102 2882 Ᾰῐ
113 2842 154 2906 lu,
171 2842 219 2912 qui
237 2841 336 2914 potior
352 2858 432 2896 nunc
449 2856 481 2896 es
490 2881 500 2909 ,
517 2855 586 2894 mea
603 2839 661 2895 fata
677 2846 797 2894 caveto:

119 2948 248 3012 Versatur
264 2956 354 3012 celeri
371 2955 445 3015 Fors
461 2955 536 3011 levis
554 2953 627 3010 orbe
645 2962 738 3011 rotae.
772 2976 777 2984 ·
796 2953 833 3011 70

76 3051 127 3116 Non
141 3067 238 3128 fnestra
256 3071 375 3146 quidam
386 3071 450 3141 jean
466 3087 546 3125 nunc
567 3070 599 3123 in
614 3069 713 3126 limine
729 3069 835 3140 perstat

121 3179 254 3260 Sedulus,
271 3198 300 3244 et
317 3188 424 3244 crebro
441 3185 577 3260 prospicit
581 3226 592 3256 ,
611 3203 645 3241 ae
661 3186 767 3256 refugit
770 3204 782 3257 ς
826 3224 835 3257 ,
