2250 4200
249 316 281 365 88
404 307 594 363 .A1,urr
626 302 850 359 Turnum

248 472 317 529 Nec
335 486 392 545 qua
409 470 457 523 vel
475 468 575 536 Nilne,
593 468 641 522 rel
658 465 738 537 regia
754 467 874 539 lympha
887 467 1060 544 Choaspes

247 583 389 650 Profluit,
408 591 456 637 aut
474 582 610 654 rapidus,
629 582 696 653 Cyri
715 582 877 652 dementia,
895 583 1061 655 Gyndes,

247 704 408 760 Damaeos
425 701 529 755 radens
546 700 626 760 haud
642 718 701 754 uua
717 718 771 772 per
788 702 856 756 ostia
873 720 1012 777 campos
1018 726 1034 775 3

247 819 317 875 Nec
334 835 393 889 qua
410 834 500 887 regna
516 832 595 885 vago
611 814 751 887 Tomyris
768 816 860 872 finivit
876 821 992 875 Araxe
997 840 1011 891 3

248 934 342 1005 Impia
359 932 409 985 vel
425 933 516 987 saevis
534 930 687 988 celebrans
705 931 839 988 convivia
856 933 973 990 meniis
1002 929 1058 990 145

247 1050 357 1106 Ultima
373 1049 487 1105 vicinus
505 1048 633 1107 Phoebo
651 1055 730 1103 tenet
747 1064 819 1103 arva
835 1048 980 1107 Padaeus
985 1071 1000 1122 3

250 1164 377 1241 Quaque
401 1163 520 1218 Hebrus
543 1161 712 1237 Tanaisque
743 1162 836 1219 Getas
859 1162 934 1232 rigat
954 1175 1053 1238 atque

652 1276 799 1335 Gelonos.

250 1396 331 1473 Quid
362 1397 489 1452 moror?
525 1394 666 1451 Oceanus
694 1404 785 1470 ponto
816 1414 877 1468 qua
909 1368 1052 1456 confluet

653 1511 775 1581 orbem,
851 1507 853 1514 '

247 1628 339 1684 Nulla
356 1628 406 1683 tibi
424 1628 551 1683 adverfis
568 1630 649 1699 regio
666 1630 722 1683 sese
739 1628 843 1682 offeret
859 1630 966 1686 armis,

247 1744 294 1801 Te
327 1751 426 1801 manet
458 1744 583 1799 invictus
612 1743 750 1799 Romano
783 1744 884 1799 Marte
919 1744 1047 1801 Britan-

647 1873 725 1927 nus,
744 1826 773 1912 .’
884 1898 887 1902 .
996 1863 1047 1913 150

248 1974 354 2046 Teque
371 1975 522 2043 interjecto
539 1971 642 2044 mundi
657 1990 725 2046 pars
743 1976 833 2034 altera
849 1977 921 2033 sole.

312 2087 393 2145 Nam
410 2088 587 2148 circumfuso
604 2087 724 2149 confidit
740 2089 770 2151 in
788 2098 856 2148 aere
873 2093 985 2163 tellus,

247 2203 287 2263 Et
305 2208 433 2278 quinque
452 2207 481 2260 in
498 2217 597 2282 partes
614 2214 677 2264 toto
694 2208 857 2282 disponitur
873 2209 963 2266 orbe.

247 2327 347 2396 Atque
365 2325 437 2380 duae
455 2325 552 2396 gelido
570 2325 714 2384 vastantur
730 2327 838 2397 frigore
857 2328 987 2400 semper.

248 2440 313 2501 Illic
330 2450 359 2496 et
375 2442 458 2498 deuia
475 2443 561 2500 tellus
579 2424 901 2511 absconditur'umbra‚
932 2492 937 2500 .
991 2443 1040 2497 155

247 2557 287 2613 Et
303 2560 381 2614 nulla
397 2560 511 2632 incepto
529 2560 690 2632 perlabitur
705 2559 782 2620 uuda
799 2560 935 2632 liquore,

248 2674 305 2730 Sed
322 2676 421 2731 durata
438 2676 512 2746 riget
528 2675 643 2735 densam
667 2677 696 2732 in
711 2677 895 2749 glaciemque.
913 2680 1046 2774 nivem«,

254 2867 256 2872 ,
648 2808 729 2864 q¹i03

249 2899 367 2978 Quippe
401 2905 450 2961 ubi
484 2923 544 2974 uon
578 2923 707 2980 unquam
740 2910 828 2966 Titan
854 2909 1034 2984 superegerit

317 3089 326 3115 l
646 3033 739 3083 ortus·

247 3133 288 3189 At
303 3133 399 3192 media
416 3138 454 3194 est
469 3136 587 3198 Phoebi
604 3141 717 3212 semper
733 3139 858 3212 subjecta
874 3141 986 3210 calori,
