2250 4200
254 299 271 358 s
446 295 859 354 AnairTinuuur

256 469 336 525 Nam
352 482 499 534 veneror,
517 467 566 519 seu
581 465 664 535 siipes
675 462 767 542 habet
782 462 1047 535 desertusinagri3‚

323 584 381 637 Seu
396 589 482 633 vetus
499 579 529 633 in
545 579 634 634 trivio
651 579 743 632 florea
760 580 832 632 serta
849 579 938 649 lapis3

163 696 166 704 '
256 695 296 753 Et
329 693 528 768 quodcunque
558 689 630 748 mihi
662 707 786 764 pomum
815 707 912 757 novus
942 690 1049 748 educat

658 821 766 873 annue,
792 808 796 813 ’

323 921 460 978 Libatum
479 921 622 992 agricolae
640 921 759 992 ponitur
775 927 840 976 ante
857 921 940 976 Deo,

152 1047 158 1059 '
256 1037 344 1094 Flava
363 1037 475 1105 ceree,
492 1035 543 1090 tibi
561 1035 594 1088 fit
609 1037 707 1090 nostro
725 1035 760 1089 de
779 1053 847 1089 rure
865 1053 979 1090 corona
1012 1038 1048 1091 15

324 1151 444 1223 Spicea,
464 1167 538 1221 quae
556 1150 657 1220 templi
674 1149 800 1221 pendeat
817 1159 881 1204 ante
899 1152 980 1205 fores
987 1170 998 1221 3

257 1267 453 1339 Pomosisque
473 1267 563 1321 ruber
582 1266 677 1320 eustos
694 1273 821 1336 ponatur
836 1266 866 1320 in
883 1266 995 1337 hortis,

274 1379 290 1474 ‚¹
323 1385 449 1438 Terreat
465 1389 497 1435 ut
513 1385 596 1436 saeva
615 1383 710 1450 fasee,
727 1381 871 1453 Priapus,
888 1399 971 1438 aves,

257 1501 321 1558 Vos
330 1484 554 1572 quoqueffelicis
565 1497 727 1568 quondam,
739 1499 973 1570 nuncpauperis‚
986 1498 1048 1569 agri

325 1613 482 1678 Custodes,
507 1612 588 1666 sertis
605 1629 730 1666 munera
746 1614 856 1680 vestra,
875 1612 980 1668 Lares.
1012 1618 1047 1670 20

218 1713 224 1728 ¹
256 1727 337 1785 Tum
354 1724 443 1779 vitula
460 1724 633 1778 innumeros
645 1725 780 1778 lustrabat
792 1726 871 1778 caesa
877 1725 1026 1794 juvencos
1033 1747 1046 1797 3

323 1839 414 1895 Nunc
432 1856 504 1908 agna
522 1839 619 1907 exigui
637 1840 675 1891 esi
691 1838 781 1892 hostia
798 1856 903 1907 magna
921 1842 981 1894 soli.

258 1959 342 2026 Agna
360 1955 445 2009 cadet
461 1955 567 2022 vobis,
595 1937 684 2025 quam
702 1951 813 2008 circum
831 1954 932 2008 ruslica
949 1954 1046 2024 pubes

325 2072 452 2127 Clamet:
472 2071 507 2127 Io
524 2069 647 2140 messes,
672 2078 702 2125 et
718 2071 797 2127 bona
812 2070 880 2127 vina
897 2070 978 2127 date!
1039 2073 1043 2078 ’

257 2185 327 2243 Jam
357 2187 455 2241 modo¹
467 2227 477 2255 ,
512 2186 577 2255 jam
605 2185 718 2259 possum
751 2194 907 2241 contentus
942 2185 1045 2241 vivere

658 2322 772 2377 parvo,
830 2383 833 2392 1
1011 2306 1046 2358 25

323 2422 392 2479 Nec
409 2426 524 2496 semper
540 2400 646 2493 lo'ngae
664 2422 776 2476 deditus
794 2423 849 2477 effe
867 2422 931 2475 viae
937 2441 949 2491 3

258 2538 314 2595 Sed
333 2538 420 2593 (sanis
439 2539 560 2593 aestivos
579 2545 661 2593 ortus
678 2537 769 2609 vitare
787 2535 837 2590 sub
855 2535 963 2589 umbra

323 2654 469 2721 ArboriS,
494 2654 529 2706 ad
548 2652 643 2707 rivum
660 2653 871 2724 praetereuntis
889 2669 994 2724 aquae.

256 2770 325 2827 Nee
340 2781 439 2827 tamen
457 2772 604 2825 interdum
622 2772 728 2843 pudeat
744 2772 863 2827 tenuisse
881 2771 1042 2838 bidentem,

321 2890 383 2941 Aut
400 2886 513 2942 stimulo
534 2888 633 2943 tardos
647 2888 817 2961 increpuisse
829 2887 935 2945 boves.
1009 2889 1044 2941 30

255 3003 330 3063 Non
346 3022 487 3073 agnamve
503 3004 564 3061 sinu
579 3008 674 3078 pigeat
688 3009 838 3063 foetumve
851 3004 982 3085 papellae

322 3122 481 3185 Desertum
489 3166 500 3197 ,
519 3126 608 3183 oblita
623 3134 737 3197 matre,
760 3126 872 3215 reiense
889 3124 1023 3198 domum.
