2250 4200
167 282 183 353 i

267 286 321 362 36'
456 299 871 359 AaurrTraucur

269 461 440 549 Ille'iiquor
457 468 557 523 docuit
574 481 667 523 voces
686 465 834 522 inflectere
853 472 966 535 cantu,

334 584 437 641 Movit
450 592 478 636 ct
496 583 532 637 ad
544 591 644 652 certos
658 580 751 635 nescia
764 579 900 635 membra
915 580 1050 637 modos,

267 700 405 759 Bacchus
419 710 448 757 et
463 700 606 770 agricolae
620 675 730 768 magno
746 699 883 753 contecta
901 698 1016 755 labore

333 818 461 875 Pectora
474 801 599 872 tristitiae
615 814 792 886 dissoluenda
806 814 895 871 dedit.
1041 808 1078 870 do

268 934 406 991 Bacchus
420 942 449 989 et
469 932 589 987 adflictis
605 900 741 1003 requiem
757 896 935 985 mortalibus
957 931 1075 1000 adfert,

247 1033 248 1036 Ἰ
336 1050 430 1106 Crura
445 1050 514 1104 licet
524 1048 598 1101 dura
615 1047 760 1119 compede
778 1046 858 1118 pulsa
868 1047 991 1105 sonent.

268 1166 341 1223 Non
357 1164 407 1221 tibi
423 1166 486 1219 sunt
503 1164 595 1218 tristes
608 1180 717 1232 curae,
740 1175 798 1217 nec
815 1164 912 1219 luctus
921 1204 933 1233 ‚
960 1162 1065 1234 ouri,

335 1280 393 1338 Sed
421 1264 561 1347 chorus',
597 1288 627 1335 et
654 1287 782 1348 cantus,
823 1287 853 1333 et
876 1278 957 1335 levis
987 1288 1075 1354 aptus

673 1408 775 1466 amorg

269 1515 327 1573 Sed
342 1512 416 1571 varii
429 1514 537 1585 flores,
561 1522 591 1569 et
605 1515 689 1572 frons
700 1510 833 1569 reditnita
844 1510 1004 1584 corymbis
1008 1532 1021 1584 3
1039 1505 1074 1567 46
1114 1541 1116 1548 ‹

333 1626 404 1686 Fusa
419 1629 466 1685 sed
485 1629 521 1683 ad
540 1636 660 1685 teneros
671 1630 750 1683 lutea
761 1626 837 1700 palla
854 1621 963 1698 pedes3

267 1744 308 1803 Et
324 1744 431 1815 Tyriae
447 1743 560 1811 vestes,
585 1751 621 1812 et(
633 1742 711 1797 dulci
725 1742 911 1811 tibiucam,

333 1859 373 1915 Et
383 1860 458 1915 levis
471 1860 595 1915 occultis
613 1860 727 1914 conscia
744 1858 810 1913 cista
822 1860 922 1942 sacrie
998 1902 1003 1911 .

267 1976 333 2032 Huc
349 1976 438 2044 ades,
461 1982 490 2029 et
506 1976 636 2029 sanctum
649 1972 721 2027 ludo
735 1970 927 2043 Geniumque
947 1973 1069 2031 choreis

338 2088 550 2160 Concelebra,
597 2097 628 2144 et
665 2087 760 2144 multo
801 2097 941 2173 tempora
977 2090 1068 2148 funde

671 2208 767 2264 mero.
864 2239 868 2245 .
1034 2209 1068 2261 50

268 2297 352 2380 Illiuo
365 2339 382 2378 e
395 2319 485 2380 nitido
504 2319 608 2378 stillent
624 2330 773 2392 unguenta
790 2318 916 2394 capilio,
985 2285 991 2304 Ι

332 2436 373 2495 Et
391 2437 486 2512 capite
508 2424 538 2494 et
551 2438 630 2492 collo
647 2437 750 2492 mollia
762 2438 835 2493 serta
847 2444 941 2505 gerat.

268 2552 315 2610 Sic
332 2549 451 2622 venias,
472 2551 635 2617 hodierne!
655 2549 724 2609 'Iibi
736 2549 805 2604 dem
825 2550 898 2606 turis
913 2551 1063 2614 honores,

333 2665 469 2737 Libaque
482 2663 643 2738 Mopsopio
659 2665 756 2720 dulcia
767 2664 859 2743 ¹melle
879 2666 989 2721 feram.
1013 2687 1016 2695 ¹

268 2778 308 2834 At
324 2777 375 2833 tibi
389 2779 547 2832 succrescat
561 2777 674 2848 proles,
696 2780 772 2849 quae
786 2779 860 2834 facta
871 2779 1004 2852 parentis
1024 2775 1058 2828 ⁵5

332 2890 464 2960 Augeat,
494 2897 523 2944 et
539 2891 618 2946 circa
630 2890 681 2945 stet
695 2891 987 2958 venerandaseuem.

267 3007 335 3066 Nec
342 3018 437 3064 taceat
448 3016 640 3065 monumenta
648 3010 725 3079 viae,
737 3009 961 3084 quem'Iuscula
974 3008 1059 3066 tellus
1079 3027 1083 3033 ’

334 3123 527 3219 Candidaque
543 3124 662 3202 antiquo
675 3123 784 3185 detinet
794 3125 872 3186 Alba
890 3124 981 3184 Lare.
