2250 4200
224 300 229 307 '
312 300 389 351 132.
583 297 844 353 Lvmm
929 298 933 313 '

312 466 367 522 Ille
385 466 451 520 facit
467 465 553 520 mites
570 465 683 519 animos
700 464 786 519 Deus
792 483 804 533 3
827 463 875 517 ille
893 464 1038 518 ferocem

364 555 535 649 'Contudit,
554 580 733 650 etdominae
749 578 823 634 mitit
840 579 866 634 in
886 578 1068 648 arbitrium3

286 681 293 706 ¹
311 692 531 764 Armeniasque
548 694 638 762 tigres
656 702 685 748 et
701 694 801 748 mlvos
817 693 864 747 ille
882 691 992 747 leones
1083 691 1115 743 15

376 808 474 878 Vicit,
492 820 523 865 et
538 809 684 867 indomitis
701 808 802 864 mollia
818 809 910 863 corda
927 808 1027 863 dedit.

263 983 270 1001 ⁹
311 920 391 977 Haec
420 926 542 991 Amor,
577 930 608 976 et
633 923 746 993 majora
774 923 863 976 valet.
914 921 975 976 Sed
1001 918 1112 992 poscite

713 1034 825 1091 Bac'chi

377 1154 521 1209 Munera!
556 1153 657 1228 Quem
679 1154 810 1209 nostrum
833 1152 943 1236 pecuda
967 1151 1049 1209 ticon
1061 1151 1111 1222 ju-

714 1270 804 1323 vant?

314 1384 459 1445 Convenit
476 1402 516 1441 ex
534 1404 642 1459 aequo.
672 1386 740 1441 Nec
757 1395 861 1440 torvus
878 1384 974 1441 Liber
991 1385 1023 1439 in
1042 1384 1107 1449 iliis,

380 1503 440 1577 Qui
456 1504 506 1572 fe,
524 1504 635 1575 quique
651 1520 710 1557 una
726 1504 793 1557 vina
804 1473 906 1572 joedsa
925 1502 1044 1556 colunt.
1077 1502 1109 1550 2⁰

312 1618 393 1688 Nam
411 1619 491 1673 venit
507 1621 597 1674 iratus
613 1618 738 1673 nimium
754 1617 938 1689 nimiumque
956 1616 1081 1672 severis.

380 1730 440 1804 Qui
457 1731 539 1807 timet
556 1732 619 1784 irati
637 1731 756 1785 numina
773 1748 900 1800 magna,
924 1730 1030 1786 bibat!

315 1842 428 1919 Quales
444 1846 491 1902 his
508 1862 620 1918 poenas
637 1848 731 1919 qualis
754 1856 941 1919 quantusque
958 1848 1104 1910 minetur,

380 1958 526 2015 Cadmeae
542 1960 644 2017 matris
660 1960 768 2032 praeda
786 1969 907 2022 cruenta
923 1960 1027 2030 docet.

314 2074 371 2132 Sed
393 2078 499 2150 procul
523 2094 540 2134 a
562 2078 650 2136 nobis
672 2080 723 2136 hic
750 2078 783 2134 fit
808 2079 910 2138 timor.
960 2075 1058 2152 linpia
1085 2071 1102 2126 fi

717 2197 851 2268 quaest,
1072 2187 1102 2241 25

304 2316 311 2326 '
381 2310 460 2387 Quid
477 2314 574 2369 valeat
589 2313 657 2369 laefi
667 2355 677 2384 ,
694 2314 812 2384 sentiat,
835 2316 877 2370 ira
895 2314 972 2370 Dei!

315 2424 395 2501 Quid
412 2445 539 2500 precor,
573 2428 633 2497 ah,
665 2428 811 2485 demensi
844 2427 931 2483 Venti
949 2423 1121 2484 temerarie

716 2514 808 2613 vota,

379 2657 487 2712 Aeriae
505 2667 534 2713 et
549 2659 646 2716 nubes
666 2659 825 2731 diripienda
841 2661 950 2715 serant!

316 2767 462 2842 Quamvis
478 2770 558 2825 nulla
575 2772 634 2825 mei
652 2773 776 2845 superest
792 2771 842 2828 tibi
859 2789 948 2843 cura,
972 2773 1096 2832 Neaera,

381 2881 425 2938 Sis
442 2883 531 2953 felix,
556 2892 586 2938 et
601 2883 654 2939 fint
671 2885 792 2942 candida
809 2887 867 2941 sata
882 2893 943 2942 tua.
1068 2883 1098 2934 30

267 2957 280 2993 ,
315 2994 355 3052 At
371 3011 427 3050 nos
444 2998 560 3052 securae
579 2997 736 3056 reddamus
751 2970 887 3073 tempora
905 3002 1035 3058 mensae.

379 3108 468 3166 Venit
481 3113 543 3183 post
558 3113 666 3169 multas
683 3131 740 3170 una
756 3115 857 3172 serena
873 3113 945 3170 dies.
