2250 4200
322 354 628 446 Eurorullll.
816 357 864 407 121

69 516 199 593 Quidve
214 518 330 572 'domus
347 518 463 591 prodest
479 482 614 591 Phrygiis
630 519 730 573 innixa
747 520 866 574 cotum.

478 655 543 707 ms,
606 653 610 662 ⁴

137 751 299 821 Taenare,
317 752 374 807 five
392 754 467 823 tuis,
490 730 569 823 fine,
587 752 721 824 Caryste,
736 753 816 808 tuis?

68 867 111 921 Et
134 884 264 923 nemora
297 868 325 921 in
358 870 494 925 domibus
526 872 623 925 sacros
651 870 788 923 imitantia
817 869 864 921 lu-

480 998 554 1053 cos?
833 997 866 1049 15

122 1117 316 1183 Aurataeque
334 1113 452 1181 trabes,
470 1128 733 1182 marmoreumque
750 1111 865 1165 solum?

71 1223 158 1298 Quid
178 1226 226 1279 vel
243 1226 407 1297 Erythraeo
423 1228 527 1296 legitur
540 1244 615 1299 quae
627 1230 724 1281 littore
738 1225 865 1290 concha5
907 1268 918 1281 ,„
937 1258 946 1269 -

140 1333 309 1411 Tinctaque
326 1340 443 1395 Sidonio
459 1343 573 1404 murice
591 1343 654 1395 lana
666 1342 779 1410 juvat?

71 1450 116 1507 Et
134 1468 211 1524 quae
230 1463 380 1524 praeterea
397 1456 525 1526 populus
542 1457 687 1509 miratur?
711 1455 746 1510 In
763 1454 817 1506 illis

143 1568 254 1623 Invidia
274 1573 329 1641 est3
355 1572 422 1627 salso
440 1570 564 1641 plurima
579 1570 684 1645 uulgus
702 1576 788 1622 amat.
833 1568 867 1618 20

72 1680 149 1737 Non
169 1683 272 1753 opibus
290 1692 405 1738 mentes
423 1683 540 1738 homini·
553 1700 702 1753 curaeque
714 1683 849 1735 levantur
853 1699 865 1749 3

73 1794 75 1805 ⁴
141 1798 224 1861 Nam
241 1800 369 1855 Fortuna
385 1804 434 1856 sua
451 1811 586 1874 tempora
602 1800 667 1869 lege
685 1800 768 1868 regit.

74 1917 113 1972 Sit
130 1918 207 1982 mihi
225 1928 379 1991 paupertas
396 1930 495 1975 tecum
506 1898 656 1991 jucunda,
678 1907 798 1975 Neaera
802 1936 815 1987 3

141 2033 184 2085 At
201 2030 258 2086 fine
276 2043 305 2088 te
323 2050 426 2104 regum
443 2051 568 2089 munera
586 2033 664 2087 nulla
681 2033 783 2088 velim.

74 2145 104 2200 Ο
123 2146 262 2216 niveam,
300 2149 374 2204 mihi
391 2157 419 2208 te
437 2151 543 2222 poterit
560 2166 635 2220 quae
653 2149 797 2216 reddere,
817 2148 866 2201 lu-

446 2233 447 2236 *
479 2265 559 2318 cem!
832 2262 867 2314 25

144 2375 174 2432 Ο
191 2377 263 2432 mihi
282 2377 398 2433 felicem
414 2387 519 2450 terque
536 2388 700 2450 quaterque
718 2379 809 2432 diem!

7 2521 8 2548 ι
76 2491 116 2544 At
133 2489 171 2558 fi,
189 2508 243 2562 pro
262 2491 339 2547 dulei
356 2485 450 2547 reditu
467 2509 664 2564 quaecunque
681 2499 848 2556 voventur,
890 2559 907 2569 s

143 2611 252 2681 Audiat
269 2615 368 2685 aversa
384 2597 448 2668 nou
463 2617 556 2667 meus'
567 2629 640 2668 aure
655 2613 743 2674 Deus
749 2631 761 2682 3

78 2722 147 2778 Nee
174 2743 223 2781 me
257 2743 345 2797 regna
372 2730 498 2799 juvent,
533 2746 590 2783 nec
621 2728 731 2799 Lydius
761 2726 868 2781 aurifer

208 2835 217 2864 '
439 2905 441 2910 ¹
480 2845 597 2911 amnia,

145 2953 229 3024 Nec,
248 2961 322 3028 quae
334 2965 478 3012 terrarum
489 2958 602 3013 sustinet
613 2957 695 3023 orbis
703 2997 713 3025 ,
731 2971 815 3028 opes.
832 2957 866 3007 30

80 3067 160 3124 Haec
181 3069 226 3124 atii
244 3071 376 3142 cupiant3
394 3071 477 3125 liceat
493 3071 587 3139 mihi,
604 3087 732 3142 paupere
750 3068 848 3134 cultu,

147 3183 254 3242 Securo
273 3203 341 3242 cara
358 3189 481 3261 conjuge
499 3187 578 3258 posse
595 3187 663 3243 frui.
