2250 4200
273 280 307 339 60
463 244 912 338 Arrrr'rrnum‘

273 455 358 510 Pavit
374 462 403 507 et
419 454 537 509 Admeti
554 453 816 534 taurosnfonnosus
834 450 960 522 Apollo;

338 568 406 623 Nec
424 568 552 633 cithara,
569 567 693 621 intonsae
711 568 922 637 profueruntve
933 565 1064 621 comae.

272 686 341 740 Nec
357 686 450 755 potuit
466 698 552 737 curas
569 686 666 737 sanare
684 659 845 737 salubribue
861 682 962 750 herbis
970 701 985 743 z,

340 798 490 873 Quidquid
507 804 569 851 erat
584 796 714 851 medicae
732 798 843 851 vicerat
860 798 928 851 artis
945 814 1046 851 amor.

273 911 335 988 Ipse
353 916 440 973 Deus
458 917 554 978 solitus
572 915 687 969 stabulis
706 916 855 986 expellere
872 890 992 970 vaccas¹
1030 919 1062 967 15

337 1032 377 1086 Et
394 1041 496 1103 potum
514 1032 605 1103 pastas
623 1031 730 1084 ducere
749 1030 925 1085 fluminibus·
965 1072 969 1079 .

272 1147 352 1201 Turn
370 1145 474 1199 fiscella
491 1146 548 1199 levi
566 1145 684 1199 detexta
701 1146 739 1197 est
756 1144 865 1199 vimine
877 1146 979 1213 junci,

336 1252 474 1332 Raraque
492 1278 546 1332 per
562 1277 659 1314 nexus
675 1261 715 1313 est
732 1262 780 1314 via
797 1262 870 1314 facta
887 1263 963 1315 seru.

273 1378 301 1433 Ο
321 1379 477 1448 quotiens,
495 1376 543 1429 illo
561 1375 685 1429 vitulum
703 1376 827 1441 gestante
845 1390 898 1445 per
914 1391 1025 1459 agree,

296 1520 298 1525 ¹
338 1494 457 1549 Dicitur
473 1508 634 1547 occurrens
653 1491 795 1555 erubuiffe
813 1493 917 1558 sorort'
1028 1494 1069 1561 20.

274 1610 302 1665 0
321 1610 457 1680 quotiens
477 1598 575 1675 ausae,
594 1615 711 1661 caneret
728 1623 819 1677 quom
837 1607 913 1659 vaile
925 1606 977 1689 sub
993 1606 1060 1673 alta,

313 1772 314 1775 ,
337 1725 487 1794 Rumpere
505 1726 616 1791 mugitu
634 1724 762 1777 carmina
779 1724 864 1777 docta
881 1724 993 1778 boves!

103 1880 113 1901 ,
176 1877 196 1897 ⁴.
274 1840 365 1909 Saepe
383 1837 473 1890 duces
490 1836 608 1907 trepidis
626 1838 733 1906 petiere
753 1837 870 1891 oracula
888 1837 979 1891 rebus
986 1878 997 1907 ,

299 2019 308 2037 ἦ
338 1951 424 2006 Venit
442 1958 470 2005 et
488 1968 503 2005 a
520 1951 636 2021 templis
653 1952 732 2007 irrita
748 1951 833 2005 turba
850 1951 984 2006 domum.

273 2057 506 2178 Saepe'Iporrere
524 2070 620 2122 sacros
638 2045 729 2122 doluit
745 2068 858 2122 Latona
874 2067 1009 2138 capilloS,
1028 2069 1059 2120 25
1096 2076 1100 2083 ’

287 2212 293 2218 -
340 2186 426 2258 Quos
444 2184 581 2263 admirata
600 2185 638 2238 est
655 2184 711 2256 ipsa
727 2201 857 2240 noverca
875 2184 966 2255 prius·

274 2301 416 2376 Quisquis
434 2302 659 2371 inornatiunque
685 2309 771 2372 caput
799 2301 954 2370 crinesque
980 2300 1056 2354 solu·
1108 2280 1109 2291 ¹

627 2466 629 2468 ,
671 2426 718 2471 tos

338 2535 530 2606 Adspiceret,
554 2531 672 2586 Phoebi
690 2538 845 2601 quaereret
861 2531 908 2585 ilie
926 2545 1054 2584 comam.

274 2649 371 2706 Delos
389 2649 440 2701 ubi
456 2663 551 2712 nunc,
578 2643 723 2713 Phoebe,
751 2654 801 2699 tua
819 2646 880 2699 est?
908 2644 958 2698 ubi
975 2643 1055 2698 Del·

412 2763 415 2768 '
671 2761 755 2830 phica
773 2759 910 2830 Python?

338 2873 455 2945 Nempe
475 2875 570 2928 Amor
586 2874 614 2927 in
629 2891 719 2945 parva
731 2883 758 2928 te
764 2875 852 2944 jubet
863 2875 917 2927 effe
931 2877 1003 2929 casa.
1020 2874 1054 2925 30

273 2991 384 3048 Felices
402 2986 471 3045 dlirn
480 3032 489 3060 ‚
513 2991 622 3045 Veneri
640 3008 731 3061 quom
749 2993 839 3045 fertur
857 3000 954 3062 aperte

339 3107 454 3162 Servire
473 3117 607 3163 aeternos
623 3123 683 3162 non
702 3107 828 3180 puduiffe
846 3106 942 3161 Deos·
