2250 4200
296 348 345 407 ss6
563 349 817 406 Lronnur

297 508 457 583 „Carmine
492 515 659 582 formosae,
698 512 792 585 pretio
827 510 982 583 capiuntur
1014 524 1081 565 ava-

697 647 758 685 rae.

363 743 516 813 Gaudeat,
533 751 566 798 ut
582 739 667 815 digna
684 703 744 811 est,
762 742 892 799 verssbus
908 742 959 795 itta
976 741 1044 796 tuis.

297 860 392 917 Lutea
419 864 468 920 sed
496 865 616 919 niveum
644 863 777 918 involvat
802 860 978 919 membrana
1001 858 1079 917 libel·

697 978 778 1048 lum,

356 1086 479 1149 Pumice
498 1111 574 1167 quae
592 1110 679 1149 canas
697 1094 815 1149 tondeat
832 1100 896 1148 ante
914 1090 1080 1168 conras31t)

190 1224 197 1233 ·
298 1208 477 1281 Summaque
495 1218 647 1305 praetexat
663 1209 758 1266 tenuis
775 1209 880 1278 fastigia
899 1209 1040 1270 chartae,

364 1323 477 1379 Indicet
493 1332 526 1378 ut
541 1340 652 1381 nornen
661 1366 672 1394 ‚
688 1325 781 1379 littera
799 1331 900 1395 pacta,
916 1329 1020 1387 tuum;

296 1426 396 1517 Atque
424 1441 499 1495 inter
513 1449 516 1457 ’
529 1442 659 1511 geminas
690 1443 843 1513 pingantur
864 1455 979 1493 cornua
1002 1433 1078 1487 fron·

546 1524 550 1534 ι
699 1564 754 1610 tes.

364 1673 410 1729 stc
455 1679 573 1729 tenerae
622 1681 754 1729 comtum
804 1659 939 1759 inittere·
968 1668 1077 1741 oportet

700 1782 809 1859 opus.“
827 1814 861 1827 -

297 1898 380 1969 Per,
430 1914 487 1955 vos
526 1907 663 1957 auctores
702 1902 791 1973 hujus
824 1899 896 1955 mihi
929 1895 1077 1961 carminis,

622 2048 626 2062 ,
678 2027 755 2081 ⁴om
798 2030 830 2074 Ἰ
1051 2005 1078 2057 15

365 2127 568 2202 Castiiiarnque
585 2130 724 2186 umbram
740 2129 913 2203 Pieriosque
929 2129 1028 2185 lacus:

298 2240 342 2296 Ite
360 2241 505 2314 domum,
532 2247 703 2317 cultumque
721 2246 762 2300 illi
779 2245 883 2307 donate
900 2241 1047 2304 libellum,

364 2358 443 2413 Sicut
459 2367 535 2415 erat:
553 2362 650 2414 nuilus
668 2360 775 2414 defluat
791 2359 857 2414 iude
875 2358 973 2413 color.

297 2472 352 2528 Illa
368 2475 441 2528 mihi
458 2477 585 2545 referet,
606 2476 694 2531 nostri
710 2475 745 2530 fit
758 2484 861 2532 mutua
877 2491 949 2530 cura
958 2517 970 2544 ‚

362 2594 411 2647 An
428 2595 545 2663 minor,
558 2613 607 2649 san
622 2604 685 2651 toto
703 2604 825 2668 pectore
842 2593 1011 2650 deciderim.
1046 2586 1074 2637 2⁰

297 2703 354 2760 Sed
371 2707 498 2776 primum
515 2708 652 2764 merium
668 2711 749 2779 larga
764 2710 869 2764 donate
887 2710 994 2773 salute,

363 2820 462 2890 Atque
480 2821 555 2874 haec
572 2822 706 2880 submitso
724 2824 807 2879 dicite
825 2823 915 2878 verba
932 2822 1016 2875 sono:
1045 2809 1048 2812 ⁴

297 2929 377 2984 Haec
405 2930 456 2986 tibi
488 2935 535 2988 vir
563 2936 733 3006 quondam,
766 2953 845 2992 nunc
867 2936 975 3004 frater,
1008 2926 1072 2984 casta

695 3048 833 3121 Neaera,
872 3107 877 3114 ,

362 3157 470 3229 Mittit,
488 3169 534 3234 et,
552 3164 677 3238 accipias
694 3143 817 3219 munera
833 3180 941 3239 parva,
964 3162 1056 3230 rogati
