2250 4200
205 317 523 376 Ermerium
564 318 601 388 1,
635 321 662 375 2.
731 348 735 352 ‡
812 321 845 403 9„

67 483 104 538 iiia
118 483 204 549 favet,
220 483 269 536 seu
286 482 351 552 quis
363 483 510 551 juvenum
527 494 606 537 nova
617 482 715 539 limina
728 489 828 554 tentat,

115 597 168 650 Seu
184 597 290 650 reserat
308 595 369 648 fixo
387 597 472 649 dente
490 597 587 666 puella
604 595 697 651 soree.
751 603 756 617 ¹

67 710 104 764 Illa
119 711 201 765 docet
217 711 323 780 furtim¹
333 710 415 764 molli
433 710 575 782 derepere
593 713 690 779 lecto,

116 827 164 881 Ilia
181 825 287 898 pedem
305 826 386 880 nulio
404 843 515 898 ponere
534 827 613 897 posse
631 827 718 898 soii0;
796 833 832 885 20

68 939 178 1005 illariro
195 957 299 996 coram
316 951 403 995 nutus
421 910 558 1016 conferre
576 941 737 1014 iuquam,

116 1023 279 1128 Biandaque
297 1055 463 1128 compositis
481 1055 591 1115 abdere
608 1057 701 1114 verba
717 1062 804 1117 notiS.

69 1170 117 1228 Nec
132 1173 213 1228 docet
229 1173 292 1228 hoc
316 1189 440 1244 omnes;
475 1173 521 1230 sed
547 1190 624 1246 quos
649 1193 706 1230 neo
730 1177 830 1234 inertia

442 1288 553 1356 tardat,

117 1403 177 1460 Nec
192 1412 275 1461 vetat
292 1405 413 1461 obscura
430 1408 546 1475 surgere
564 1415 651 1461 nocte
669 1409 768 1463 timor.

72 1514 105 1572 En
130 1537 181 1590 ego
215 1535 310 1594 quom
340 1521 470 1576 tenebris
506 1530 567 1576 tota
589 1538 691 1591 ‘vagor
724 1524 831 1580 anxius

447 1636 543 1709 urbe,
593 1661 596 1668 ·
754 1668 759 1679 ι
799 1641 832 1691 25
903 1676 906 1680 -

119 1735 252 1809 securum
271 1752 401 1808 tenebris
416 1740 465 1806 me
483 1751 550 1808 facit
566 1752 623 1824 ipsa
640 1749 771 1834 Verius..
827 1770 833 1780 ·

75 1861 123 1920 Nec
135 1867 190 1923 {init
205 1877 329 1924 occurat
346 1870 519 1940 quisquam,
539 1869 589 1939 qui
606 1884 735 1940 corpora
750 1869 831 1925 ferro
872 1867 877 1874 ’

119 1981 270 2054 Vulneret,
289 1995 336 2038 aut
353 1987 433 2054 rap'ta
451 1983 580 2054 praemia
596 1983 674 2037 veste
692 1974 781 2054 petat.

77 2094 187 2172 Quisquis
204 2118 310 2159 amore
326 2110 454 2170 tenetur,
475 2111 521 2156 eat
536 2109 677 2173 tutusque
691 2104 831 2175 sacerque

123 2220 271 2294 Qualibet3
289 2222 398 2277 infidias
414 2238 471 2277 nec
487 2221 609 2277 timuiffe
627 2222 728 2291 decet„
799 2223 834 2273 3⁰

78 2326 128 2385 No'n
142 2338 306 2411 mihipigra
322 2344 435 2392 n'oceni
448 2336 589 2392 hibernae
604 2335 713 2405 frigor'a
726 2337 832 2405 ηοοῐῑε,

123 2448 185 2507 Non
201 2456 288 2521 mihi,
307 2469 400 2527 quom
417 2454 509 2507 multa
524 2452 629 2505 decidit
639 2452 735 2505 imber
746 2469 834 2522 aqua.

77 2557 129 2617 Nori
138 2567 216 2623 labor
228 2570 281 2625 hic
294 2570 393 2637 laedit,
410 2565 616 2623 reseretmodo
626 2563 714 2620 Delia
727 2565 834 2637 posteS,

125 2682 158 2739 Et
172 2695 261 2743 vocet
277 2687 312 2741 ad
331 2687 406 2756 digiti
422 2704 470 2741 me
487 2686 628 2740 taciturna
644 2684 760 2739 sonum.

78 2786 168 2853 Parcite
184 2802 362 2881 luminibus,
380 2804 429 2855 seu
445 2800 511 2868 vir,
525 2798 578 2857 'seu
594 2801 701 2854 femina
719 2798 771 2856 fias
802 2799 838 2853 35

128 2910 215 2971 Obvia
221 2937 231 2986 3
252 2916 339 2972 celari
355 2916 418 2971 vult
435 2915 481 2969 sua
498 2916 576 2969 furta
593 2916 704 2971 Venus.

80 3014 130 3077 Nec
140 3028 249 3103 strepitu
257 3040 365 3089 terrete
374 3033 494 3103 pedum,
507 3050 567 3087 neu
575 3034 704 3105 quaerite
713 3045 835 3101 nomen,

129 3140 192 3202 Neu
207 3142 299 3223 prope
317 3148 435 3218 fulgenti
454 3147 563 3205 lumina
580 3149 652 3203 ferte
672 3149 745 3205 face.
