<?xml version="1.0" encoding="UTF-8"?>
<!DOCTYPE html PUBLIC "-//W3C//DTD XHTML 1.0 Transitional//EN"
    "http://www.w3.org/TR/xhtml1/DTD/xhtml1-transitional.dtd">
<html xmlns="http://www.w3.org/1999/xhtml" xml:lang="en" lang="en">
 <head>
  <title>
</title>
<meta http-equiv="Content-Type" content="text/html;charset=utf-8" />
  <meta name='ocr-system' content='tesseract 3.04.00' />
  <meta name='ocr-capabilities' content='ocr_page ocr_carea ocr_par ocr_line ocrx_word'/>
</head>
<body>
  <div class='ocr_page' id='page_1' title='image "albiustibullusu00lygdgoog_0126.png"; bbox 0 0 2250 4200; ppageno 0'>
   <div class='ocr_carea' id='block_1_1' title="bbox 290 262 900 339">
    <p class='ocr_par' dir='ltr' id='par_1_1' title="bbox 290 262 900 339">
     <span class='ocr_line' id='line_1_1' title="bbox 290 262 900 339; baseline -0.01 -12"><span class='ocrx_word' id='word_1_1' title='bbox 290 277 323 327; x_wconf 80' lang='lat'><strong>82</strong></span> <span class='ocrx_word' id='word_1_2' title='bbox 478 262 900 339; x_wconf 46' lang='lat' dir='ltr'><strong>Ana11T1nunn1,</strong></span> 
     </span>
    </p>
   </div>
   <div class='ocr_carea' id='block_1_2' title="bbox 252 431 1102 2935">
    <p class='ocr_par' dir='ltr' id='par_1_2' title="bbox 355 431 1071 504">
     <span class='ocr_line' id='line_1_2' title="bbox 355 431 1071 504; baseline -0.004 -16"><span class='ocrx_word' id='word_1_3' title='bbox 355 434 437 489; x_wconf 91' lang='lat' dir='ltr'><strong>Nam</strong></span> <span class='ocrx_word' id='word_1_4' title='bbox 466 446 637 504; x_wconf 81' lang='lat' dir='ltr'><strong>quanquam</strong></span> <span class='ocrx_word' id='word_1_5' title='bbox 666 432 800 501; x_wconf 83' lang='lat' dir='ltr'>antiquae</span> <span class='ocrx_word' id='word_1_6' title='bbox 826 431 922 499; x_wconf 83' lang='lat' dir='ltr'><strong>gentis</strong></span> <span class='ocrx_word' id='word_1_7' title='bbox 946 432 1071 503; x_wconf 83' lang='lat' dir='ltr'><strong>superant</strong></span> 
     </span>
    </p>

    <p class='ocr_par' dir='ltr' id='par_1_3' title="bbox 691 545 879 614">
     <span class='ocr_line' id='line_1_3' title="bbox 691 545 879 614; baseline 0.005 -16"><span class='ocrx_word' id='word_1_8' title='bbox 691 546 742 599; x_wconf 88' lang='lat' dir='ltr'><strong>tibi</strong></span> <span class='ocrx_word' id='word_1_9' title='bbox 759 545 879 614; x_wconf 71' lang='lat' dir='ltr'><strong>laudea,</strong></span> 
     </span>
    </p>

    <p class='ocr_par' dir='ltr' id='par_1_4' title="bbox 290 662 1028 733">
     <span class='ocr_line' id='line_1_4' title="bbox 290 662 1028 733; baseline -0.005 -12"><span class='ocrx_word' id='word_1_10' title='bbox 290 667 363 723; x_wconf 93' lang='lat' dir='ltr'><strong>Non</strong></span> <span class='ocrx_word' id='word_1_11' title='bbox 381 673 429 718; x_wconf 85' lang='lat' dir='ltr'><strong>tua</strong></span> <span class='ocrx_word' id='word_1_12' title='bbox 445 663 593 733; x_wconf 79' lang='lat' dir='ltr'><strong>majorum</strong></span> <span class='ocrx_word' id='word_1_13' title='bbox 610 669 747 716; x_wconf 82' lang='lat' dir='ltr'><strong>contenta</strong></span> <span class='ocrx_word' id='word_1_14' title='bbox 764 662 803 715; x_wconf 84' lang='lat' dir='ltr'><strong>est</strong></span> <span class='ocrx_word' id='word_1_15' title='bbox 820 662 914 730; x_wconf 88' lang='lat' dir='ltr'><strong>gloria</strong></span> <span class='ocrx_word' id='word_1_16' title='bbox 932 664 1007 717; x_wconf 86' lang='lat' dir='ltr'><strong>fama</strong></span> <span class='ocrx_word' id='word_1_17' title='bbox 1017 683 1028 732; x_wconf 79' lang='lat'>3</span> 
     </span>
    </p>

    <p class='ocr_par' dir='ltr' id='par_1_5' title="bbox 290 775 1071 961">
     <span class='ocr_line' id='line_1_5' title="bbox 290 775 1069 851; baseline -0.01 -14"><span class='ocrx_word' id='word_1_18' title='bbox 290 782 359 837; x_wconf 86' lang='lat' dir='ltr'><strong>Nec</strong></span> <span class='ocrx_word' id='word_1_19' title='bbox 377 780 493 851; x_wconf 89' lang='lat' dir='ltr'><strong>quaeris</strong></span> <span class='ocrx_word' id='word_1_20' title='bbox 503 818 513 845; x_wconf 85' lang='lat'>‚</span> <span class='ocrx_word' id='word_1_21' title='bbox 550 777 619 847; x_wconf 92' lang='lat' dir='ltr'><strong>quid</strong></span> <span class='ocrx_word' id='word_1_22' title='bbox 643 792 760 847; x_wconf 89' lang='lat' dir='ltr'><strong>quaque</strong></span> <span class='ocrx_word' id='word_1_23' title='bbox 779 775 870 829; x_wconf 84' lang='lat' dir='ltr'><strong>index</strong></span> <span class='ocrx_word' id='word_1_24' title='bbox 887 776 939 830; x_wconf 77' lang='lat' dir='ltr'><strong>sub</strong></span> <span class='ocrx_word' id='word_1_25' title='bbox 957 777 1069 846; x_wconf 80' lang='lat' dir='ltr'>imagine</span> 
     </span>
     <span class='ocr_line' id='line_1_6' title="bbox 695 891 1071 961; baseline -0.003 -16"><span class='ocrx_word' id='word_1_26' title='bbox 695 891 789 961; x_wconf 78' lang='lat' dir='ltr'><strong>dicat3</strong></span> <span class='ocrx_word' id='word_1_27' title='bbox 1043 893 1071 944; x_wconf 76' lang='lat'><strong>30</strong></span> 
     </span>
    </p>

    <p class='ocr_par' dir='ltr' id='par_1_6' title="bbox 292 999 1102 1084">
     <span class='ocr_line' id='line_1_7' title="bbox 292 999 1102 1084; baseline -0.01 -14"><span class='ocrx_word' id='word_1_28' title='bbox 292 1015 349 1070; x_wconf 89' lang='lat' dir='ltr'><strong>Sed</strong></span> <span class='ocrx_word' id='word_1_29' title='bbox 366 1014 480 1082; x_wconf 78' lang='lat' dir='ltr'><strong>generis</strong></span> <span class='ocrx_word' id='word_1_30' title='bbox 498 1013 607 1084; x_wconf 88' lang='lat' dir='ltr'><strong>priscos</strong></span> <span class='ocrx_word' id='word_1_31' title='bbox 623 1010 775 1066; x_wconf 86' lang='lat' dir='ltr'><strong>contendis</strong></span> <span class='ocrx_word' id='word_1_32' title='bbox 792 1011 914 1065; x_wconf 88' lang='lat' dir='ltr'><strong>vincere</strong></span> <span class='ocrx_word' id='word_1_33' title='bbox 936 1011 1069 1076; x_wconf 79' lang='lat' dir='ltr'><strong>honores,</strong></span> <span class='ocrx_word' id='word_1_34' title='bbox 1101 999 1102 1004; x_wconf 8' lang='grc' dir='ltr'>ἵ</span> 
     </span>
    </p>

    <p class='ocr_par' dir='ltr' id='par_1_7' title="bbox 293 1129 1057 1207">
     <span class='ocr_line' id='line_1_8' title="bbox 293 1129 1057 1207; baseline -0.004 -21"><span class='ocrx_word' id='word_1_35' title='bbox 293 1133 393 1207; x_wconf 75' lang='lat' dir='ltr'><strong>Quam</strong></span> <span class='ocrx_word' id='word_1_36' title='bbox 410 1133 459 1187; x_wconf 87' lang='lat' dir='ltr'><strong>tibi</strong></span> <span class='ocrx_word' id='word_1_37' title='bbox 476 1132 624 1201; x_wconf 86' lang='lat' dir='ltr'><strong>majores,</strong></span> <span class='ocrx_word' id='word_1_38' title='bbox 652 1131 748 1199; x_wconf 86' lang='lat' dir='ltr'><strong>majus</strong></span> <span class='ocrx_word' id='word_1_39' title='bbox 766 1129 856 1183; x_wconf 83' lang='lat' dir='ltr'><strong>decus</strong></span> <span class='ocrx_word' id='word_1_40' title='bbox 874 1131 931 1201; x_wconf 90' lang='lat' dir='ltr'><strong>ipse</strong></span> <span class='ocrx_word' id='word_1_41' title='bbox 951 1131 1057 1184; x_wconf 80' lang='lat' dir='ltr'><strong>fumris.</strong></span> 
     </span>
    </p>

    <p class='ocr_par' dir='ltr' id='par_1_8' title="bbox 290 1245 1043 1315">
     <span class='ocr_line' id='line_1_9' title="bbox 290 1245 1043 1315; baseline -0.005 -12"><span class='ocrx_word' id='word_1_42' title='bbox 290 1248 333 1303; x_wconf 83' lang='lat' dir='ltr'><strong>At</strong></span> <span class='ocrx_word' id='word_1_43' title='bbox 348 1254 397 1300; x_wconf 84' lang='lat' dir='ltr'><strong>tna</strong></span> <span class='ocrx_word' id='word_1_44' title='bbox 414 1263 475 1300; x_wconf 93' lang='lat' dir='ltr'><strong>non</strong></span> <span class='ocrx_word' id='word_1_45' title='bbox 492 1246 591 1301; x_wconf 84' lang='lat' dir='ltr'><strong>titulus</strong></span> <span class='ocrx_word' id='word_1_46' title='bbox 609 1246 702 1315; x_wconf 84' lang='lat' dir='ltr'><strong>capiet</strong></span> <span class='ocrx_word' id='word_1_47' title='bbox 718 1245 768 1297; x_wconf 85' lang='lat' dir='ltr'><strong>sub</strong></span> <span class='ocrx_word' id='word_1_48' title='bbox 785 1246 940 1299; x_wconf 80' lang='lat' dir='ltr'><strong>stemmate</strong></span> <span class='ocrx_word' id='word_1_49' title='bbox 956 1247 1043 1312; x_wconf 83' lang='lat' dir='ltr'><strong>facta,</strong></span> 
     </span>
    </p>

    <p class='ocr_par' dir='ltr' id='par_1_9' title="bbox 252 1336 1061 1427">
     <span class='ocr_line' id='line_1_10' title="bbox 252 1336 1061 1427; baseline -0.007 -11"><span class='ocrx_word' id='word_1_50' title='bbox 252 1336 257 1349; x_wconf 36' lang='lat'>⁵</span> <span class='ocrx_word' id='word_1_51' title='bbox 291 1363 423 1417; x_wconf 86' lang='lat' dir='ltr'><strong>Aeterno</strong></span> <span class='ocrx_word' id='word_1_52' title='bbox 441 1361 488 1415; x_wconf 88' lang='lat' dir='ltr'><strong>sed</strong></span> <span class='ocrx_word' id='word_1_53' title='bbox 506 1367 591 1413; x_wconf 90' lang='lat' dir='ltr'><strong>erunt</strong></span> <span class='ocrx_word' id='word_1_54' title='bbox 607 1359 656 1413; x_wconf 82' lang='lat' dir='ltr'><strong>tibi</strong></span> <span class='ocrx_word' id='word_1_55' title='bbox 673 1375 778 1427; x_wconf 85' lang='lat' dir='ltr'><strong>magna</strong></span> <span class='ocrx_word' id='word_1_56' title='bbox 794 1359 948 1413; x_wconf 87' lang='lat' dir='ltr'><strong>volumina</strong></span> <span class='ocrx_word' id='word_1_57' title='bbox 968 1342 1061 1424; x_wconf 75' lang='lat' dir='ltr'><strong>verstr5</strong></span> 
     </span>
    </p>

    <p class='ocr_par' dir='ltr' id='par_1_10' title="bbox 293 1473 1070 1547">
     <span class='ocr_line' id='line_1_11' title="bbox 293 1473 1070 1547; baseline -0.008 -16"><span class='ocrx_word' id='word_1_58' title='bbox 293 1476 537 1547; x_wconf 87' lang='lat' dir='ltr'><strong>Convenientque</strong></span> <span class='ocrx_word' id='word_1_59' title='bbox 551 1482 614 1529; x_wconf 88' lang='lat' dir='ltr'><strong>tuas</strong></span> <span class='ocrx_word' id='word_1_60' title='bbox 626 1474 722 1547; x_wconf 88' lang='lat' dir='ltr'><strong>cupidi</strong></span> <span class='ocrx_word' id='word_1_61' title='bbox 734 1491 918 1547; x_wconf 85' lang='lat' dir='ltr'><strong>componere</strong></span> <span class='ocrx_word' id='word_1_62' title='bbox 931 1474 1027 1545; x_wconf 86' lang='lat' dir='ltr'><strong>laudes</strong></span> <span class='ocrx_word' id='word_1_63' title='bbox 1042 1473 1070 1525; x_wconf 68' lang='lat'><strong>35</strong></span> 
     </span>
    </p>

    <p class='ocr_par' dir='ltr' id='par_1_11' title="bbox 291 1589 1069 1761">
     <span class='ocr_line' id='line_1_12' title="bbox 291 1589 1069 1663; baseline -0.012 -16"><span class='ocrx_word' id='word_1_64' title='bbox 291 1590 448 1663; x_wconf 86' lang='lat' dir='ltr'><strong>Undique,</strong></span> <span class='ocrx_word' id='word_1_65' title='bbox 485 1591 594 1662; x_wconf 87' lang='lat' dir='ltr'><strong>quique</strong></span> <span class='ocrx_word' id='word_1_66' title='bbox 612 1598 716 1644; x_wconf 89' lang='lat' dir='ltr'><strong>canant</strong></span> <span class='ocrx_word' id='word_1_67' title='bbox 732 1590 830 1645; x_wconf 80' lang='lat' dir='ltr'><strong>vincto</strong></span> <span class='ocrx_word' id='word_1_68' title='bbox 847 1591 943 1661; x_wconf 85' lang='lat' dir='ltr'><strong>pede,</strong></span> <span class='ocrx_word' id='word_1_69' title='bbox 972 1589 1069 1660; x_wconf 88' lang='lat' dir='ltr'><strong>quique</strong></span> 
     </span>
     <span class='ocr_line' id='line_1_13' title="bbox 692 1706 796 1761; baseline 0 -2"><span class='ocrx_word' id='word_1_70' title='bbox 692 1706 796 1761; x_wconf 82' lang='lat' dir='ltr'><strong>soluto.</strong></span> 
     </span>
    </p>

    <p class='ocr_par' dir='ltr' id='par_1_12' title="bbox 294 1800 1070 2004">
     <span class='ocr_line' id='line_1_14' title="bbox 294 1800 1070 1892; baseline -0.003 -20"><span class='ocrx_word' id='word_1_71' title='bbox 294 1817 368 1892; x_wconf 74' lang='lat' dir='ltr'><strong>Quis</strong></span> <span class='ocrx_word' id='word_1_72' title='bbox 398 1816 516 1889; x_wconf 85' lang='lat' dir='ltr'><strong>potior,</strong></span> <span class='ocrx_word' id='word_1_73' title='bbox 551 1826 701 1872; x_wconf 83' lang='lat' dir='ltr'><strong>certamen</strong></span> <span class='ocrx_word' id='word_1_74' title='bbox 732 1800 796 1873; x_wconf 81' lang='lat' dir='ltr'><strong>erit.</strong></span> <span class='ocrx_word' id='word_1_75' title='bbox 847 1818 910 1875; x_wconf 87' lang='lat' dir='ltr'><strong>Sim</strong></span> <span class='ocrx_word' id='word_1_76' title='bbox 933 1816 1070 1874; x_wconf 85' lang='lat' dir='ltr'><strong>victorin</strong></span> 
     </span>
     <span class='ocr_line' id='line_1_15' title="bbox 693 1936 764 2004; baseline 0.014 -15"><span class='ocrx_word' id='word_1_77' title='bbox 693 1936 764 2004; x_wconf 79' lang='lat' dir='ltr'><strong>illis,</strong></span> 
     </span>
    </p>

    <p class='ocr_par' dir='ltr' id='par_1_13' title="bbox 291 2042 1022 2140">
     <span class='ocr_line' id='line_1_16' title="bbox 291 2042 1022 2140; baseline -0.005 -30"><span class='ocrx_word' id='word_1_78' title='bbox 291 2053 334 2140; x_wconf 80' lang='lat' dir='ltr'><strong>Ut.</strong></span> <span class='ocrx_word' id='word_1_79' title='bbox 347 2054 477 2109; x_wconf 83' lang='lat' dir='ltr'><strong>nostrum</strong></span> <span class='ocrx_word' id='word_1_80' title='bbox 495 2054 580 2108; x_wconf 84' lang='lat' dir='ltr'><strong>tantis</strong></span> <span class='ocrx_word' id='word_1_81' title='bbox 597 2042 750 2108; x_wconf 79' lang='lat' dir='ltr'><strong>inscribam</strong></span> <span class='ocrx_word' id='word_1_82' title='bbox 766 2069 879 2110; x_wconf 91' lang='lat' dir='ltr'><strong>nomen</strong></span> <span class='ocrx_word' id='word_1_83' title='bbox 895 2056 925 2110; x_wconf 90' lang='lat' dir='ltr'><strong>in</strong></span> <span class='ocrx_word' id='word_1_84' title='bbox 943 2052 1022 2110; x_wconf 81' lang='lat' dir='ltr'><strong>actis!</strong></span> 
     </span>
    </p>

    <p class='ocr_par' dir='ltr' id='par_1_14' title="bbox 357 2162 1068 2250">
     <span class='ocr_line' id='line_1_17' title="bbox 357 2162 1068 2250; baseline -0.007 -26"><span class='ocrx_word' id='word_1_85' title='bbox 357 2171 434 2245; x_wconf 73' lang='lat' dir='ltr'><strong>Quis</strong></span> <span class='ocrx_word' id='word_1_86' title='bbox 451 2179 480 2224; x_wconf 90' lang='lat' dir='ltr'><strong>te</strong></span> <span class='ocrx_word' id='word_1_87' title='bbox 498 2187 567 2224; x_wconf 89' lang='lat' dir='ltr'><strong>nam</strong></span> <span class='ocrx_word' id='word_1_88' title='bbox 584 2171 697 2250; x_wconf 84' lang='lat' dir='ltr'><strong>majora</strong></span> <span class='ocrx_word' id='word_1_89' title='bbox 708 2171 782 2239; x_wconf 82' lang='lat' dir='ltr'><strong>gerit</strong></span> <span class='ocrx_word' id='word_1_90' title='bbox 800 2172 936 2226; x_wconf 84' lang='lat' dir='ltr'><strong>eastrisve</strong></span> <span class='ocrx_word' id='word_1_91' title='bbox 954 2162 1068 2247; x_wconf 74' lang='lat' dir='ltr'><strong>ioro&#39;ve?</strong></span> 
     </span>
    </p>

    <p class='ocr_par' dir='ltr' id='par_1_15' title="bbox 291 2285 1069 2476">
     <span class='ocr_line' id='line_1_18' title="bbox 291 2285 1068 2357; baseline -0.008 -15"><span class='ocrx_word' id='word_1_92' title='bbox 291 2285 360 2342; x_wconf 87' lang='lat' dir='ltr'><strong>Neo</strong></span> <span class='ocrx_word' id='word_1_93' title='bbox 377 2296 475 2342; x_wconf 85' lang='lat' dir='ltr'><strong>tamen</strong></span> <span class='ocrx_word' id='word_1_94' title='bbox 492 2287 579 2356; x_wconf 86' lang='lat' dir='ltr'><strong>hino,</strong></span> <span class='ocrx_word' id='word_1_95' title='bbox 602 2296 651 2341; x_wconf 88' lang='lat' dir='ltr'><strong>aut</strong></span> <span class='ocrx_word' id='word_1_96' title='bbox 672 2287 762 2356; x_wconf 80' lang='lat' dir='ltr'><strong>hino,</strong></span> <span class='ocrx_word' id='word_1_97' title='bbox 787 2287 837 2342; x_wconf 92' lang='lat' dir='ltr'><strong>tibi</strong></span> <span class='ocrx_word' id='word_1_98' title='bbox 858 2289 923 2343; x_wconf 89' lang='lat' dir='ltr'><strong>laus</strong></span> <span class='ocrx_word' id='word_1_99' title='bbox 947 2287 1068 2357; x_wconf 82' lang='lat' dir='ltr'><strong>majorve</strong></span> 
     </span>
     <span class='ocr_line' id='line_1_19' title="bbox 693 2388 1069 2476; baseline -0.005 -20"><span class='ocrx_word' id='word_1_100' title='bbox 693 2404 843 2459; x_wconf 85' lang='lat' dir='ltr'><strong>minorve:</strong></span> <span class='ocrx_word' id='word_1_101' title='bbox 1021 2388 1069 2476; x_wconf 41' lang='lat'><strong>‚²1⁰</strong></span> 
     </span>
    </p>

    <p class='ocr_par' dir='ltr' id='par_1_16' title="bbox 291 2515 1068 2592">
     <span class='ocr_line' id='line_1_20' title="bbox 291 2515 1068 2592; baseline -0.005 -18"><span class='ocrx_word' id='word_1_102' title='bbox 291 2516 373 2574; x_wconf 84' lang='lat' dir='ltr'><strong>Justa</strong></span> <span class='ocrx_word' id='word_1_103' title='bbox 389 2522 451 2591; x_wconf 90' lang='lat' dir='ltr'><strong>pari</strong></span> <span class='ocrx_word' id='word_1_104' title='bbox 469 2521 613 2591; x_wconf 86' lang='lat' dir='ltr'><strong>premitur</strong></span> <span class='ocrx_word' id='word_1_105' title='bbox 629 2520 718 2574; x_wconf 82' lang='lat' dir='ltr'><strong>veluti</strong></span> <span class='ocrx_word' id='word_1_106' title='bbox 736 2537 829 2590; x_wconf 90' lang='lat' dir='ltr'><strong>quom</strong></span> <span class='ocrx_word' id='word_1_107' title='bbox 845 2521 976 2592; x_wconf 89' lang='lat' dir='ltr'><strong>pondere</strong></span> <span class='ocrx_word' id='word_1_108' title='bbox 992 2515 1068 2579; x_wconf 85' lang='lat' dir='ltr'><strong>libra,</strong></span> 
     </span>
    </p>

    <p class='ocr_par' dir='ltr' id='par_1_17' title="bbox 291 2625 1066 2815">
     <span class='ocr_line' id='line_1_21' title="bbox 291 2625 1066 2706; baseline -0.008 -18"><span class='ocrx_word' id='word_1_109' title='bbox 291 2629 393 2688; x_wconf 89' lang='lat' dir='ltr'><strong>Prona</strong></span> <span class='ocrx_word' id='word_1_110' title='bbox 411 2651 467 2688; x_wconf 87' lang='lat' dir='ltr'><strong>neo</strong></span> <span class='ocrx_word' id='word_1_111' title='bbox 484 2635 542 2688; x_wconf 90' lang='lat' dir='ltr'><strong>hac</strong></span> <span class='ocrx_word' id='word_1_112' title='bbox 559 2635 626 2705; x_wconf 86' lang='lat' dir='ltr'><strong>plus</strong></span> <span class='ocrx_word' id='word_1_113' title='bbox 643 2643 723 2706; x_wconf 77' lang='lat' dir='ltr'><strong>parte</strong></span> <span class='ocrx_word' id='word_1_114' title='bbox 741 2635 837 2703; x_wconf 80' lang='lat' dir='ltr'><strong>sedet,</strong></span> <span class='ocrx_word' id='word_1_115' title='bbox 865 2651 923 2690; x_wconf 91' lang='lat' dir='ltr'><strong>neo</strong></span> <span class='ocrx_word' id='word_1_116' title='bbox 939 2631 1021 2701; x_wconf 85' lang='lat' dir='ltr'><strong>surgit</strong></span> <span class='ocrx_word' id='word_1_117' title='bbox 1036 2625 1066 2679; x_wconf 87' lang='lat' dir='ltr'><strong>ab</strong></span> 
     </span>
     <span class='ocr_line' id='line_1_22' title="bbox 691 2751 758 2815; baseline 0.015 -12"><span class='ocrx_word' id='word_1_118' title='bbox 691 2751 758 2815; x_wconf 78' lang='lat' dir='ltr'><strong>illa3</strong></span> 
     </span>
    </p>

    <p class='ocr_par' dir='ltr' id='par_1_18' title="bbox 293 2858 1067 2935">
     <span class='ocr_line' id='line_1_23' title="bbox 293 2858 1067 2935; baseline -0.003 -21"><span class='ocrx_word' id='word_1_119' title='bbox 293 2858 421 2935; x_wconf 73' lang='lat' dir='ltr'><strong>Qualis,</strong></span> <span class='ocrx_word' id='word_1_120' title='bbox 456 2863 643 2934; x_wconf 88' lang='lat' dir='ltr'><strong>inaequatum</strong></span> <span class='ocrx_word' id='word_1_121' title='bbox 678 2862 698 2916; x_wconf 85' lang='lat' dir='ltr'><strong>fi</strong></span> <span class='ocrx_word' id='word_1_122' title='bbox 734 2864 851 2935; x_wconf 90' lang='lat' dir='ltr'><strong>quando</strong></span> <span class='ocrx_word' id='word_1_123' title='bbox 887 2877 962 2919; x_wconf 83' lang='lat' dir='ltr'><strong>onus</strong></span> <span class='ocrx_word' id='word_1_124' title='bbox 993 2859 1067 2926; x_wconf 82' lang='lat' dir='ltr'><strong>urget</strong></span> 
     </span>
    </p>
   </div>
   <div class='ocr_carea' id='block_1_3' title="bbox 689 2980 843 3050">
    <p class='ocr_par' dir='ltr' id='par_1_19' title="bbox 689 2980 843 3050">
     <span class='ocr_line' id='line_1_24' title="bbox 689 2980 843 3050; baseline 0.013 -19"><span class='ocrx_word' id='word_1_125' title='bbox 689 2980 825 3050; x_wconf 82' lang='lat' dir='ltr'><strong>utrinque</strong></span> <span class='ocrx_word' id='word_1_126' title='bbox 833 3019 843 3046; x_wconf 89' lang='lat'>,</span> 
     </span>
    </p>
   </div>
   <div class='ocr_carea' id='block_1_4' title="bbox 292 3089 959 3166">
    <p class='ocr_par' dir='ltr' id='par_1_20' title="bbox 292 3089 959 3166">
     <span class='ocr_line' id='line_1_25' title="bbox 292 3089 959 3166; baseline 0 -20"><span class='ocrx_word' id='word_1_127' title='bbox 292 3089 431 3148; x_wconf 74' lang='lat' dir='ltr'><strong>lmabilis</strong></span> <span class='ocrx_word' id='word_1_128' title='bbox 448 3098 543 3162; x_wconf 86' lang='lat' dir='ltr'><strong>natat,</strong></span> <span class='ocrx_word' id='word_1_129' title='bbox 571 3091 683 3148; x_wconf 81' lang='lat' dir='ltr'><strong>alterno</strong></span> <span class='ocrx_word' id='word_1_130' title='bbox 701 3091 857 3166; x_wconf 84' lang='lat' dir='ltr'><strong>depressior</strong></span> <span class='ocrx_word' id='word_1_131' title='bbox 874 3090 959 3148; x_wconf 84' lang='lat' dir='ltr'><strong>orbe.</strong></span> 
     </span>
    </p>
   </div>
   <div class='ocr_carea' id='block_1_5' title="bbox 0 0 1131 4200">
    <p class='ocr_par' dir='ltr' id='par_1_21' title="bbox 0 0 1131 4200">
     <span class='ocr_line' id='line_1_26' title="bbox 0 0 1131 4200; baseline 0 0"><span class='ocrx_word' id='word_1_132' title='bbox 0 0 1131 4200; x_wconf 95' lang='lat' dir='ltr'><strong> </strong></span> 
     </span>
    </p>
   </div>
  </div>
 </body>
</html>
