2250 4200
354 287 556 353 Enecri
595 294 650 355 VI.
845 298 895 351 133
977 288 984 302 '

89 453 90 457 ’
123 455 165 511 Hei
179 454 264 511 milli!
281 454 394 511 difficile
413 458 470 527 est,
493 458 597 513 imitari
613 458 715 529 gaudia
727 442 831 529 'falsas

175 570 303 627 Difficile
322 573 378 639 eli,
407 573 472 629 tristi
492 573 601 643 lingere
618 583 717 629 mente
728 574 846 643 jocum.

126 684 179 740 Nec
194 686 269 740 bene
285 658 421 741 mendaci
438 688 509 743 risus
527 689 715 760 componitur
732 702 803 757 ore3
862 688 898 739 35

173 795 240 853 Nec
257 798 335 853 bene
352 800 477 857 sollicitis
495 801 577 855 ebria
593 801 686 855 verba
702 803 813 856 sonant.

126 909 188 985 Quid
204 929 317 983 queror
335 913 457 970 infelix?
474 914 605 987 Turpes,
622 916 776 983 discedite,
793 930 896 971 curae.

174 1026 243 1081 Odit
261 1027 398 1083 Lenaeus
412 1029 500 1085 tristia
516 1030 610 1085 verba
625 1039 718 1101 pater.

85 1196 86 1205 ,
125 1140 234 1212 Gnofia,
251 1143 384 1199 Theseae
403 1146 554 1216 quondam
572 1146 697 1217 perjuria
714 1133 829 1215 linguae
926 1203 948 1234 .

173 1258 283 1315 Hevisti
300 1260 400 1335 ignoto
418 1261 476 1317 sola
493 1261 595 1315 relicta
612 1263 704 1331 mari3
861 1254 897 1316 do

83 1416 84 1429 r
125 1369 167 1425 Seri
181 1374 285 1429 cecinit
302 1392 357 1445 pro
374 1383 402 1429 te
420 1375 544 1445 doctus,
568 1376 685 1445 Minoi,
712 1376 863 1444 Calidius,
882 1339 886 1350 Ι

83 1486 84 1489 ’
174 1492 281 1563 Ingrati
299 1492 431 1551 referens
448 1496 536 1567 impia
553 1496 628 1549 facta
644 1495 711 1550 viri.

82 1594 84 1665 l
125 1602 240 1680 vosego
258 1628 340 1667 nunc
356 1628 483 1667 moneo:
506 1610 600 1667 'Felix
610 1652 620 1680 ‚
651 1611 820 1699 quicunque
839 1606 897 1665 do-

506 1726 572 1783 lore

80 1826 83 1895 l
172 1840 301 1897 Alterius
319 1841 410 1897 disces
425 1837 504 1913 polle
522 1856 630 1895 cavere
649 1805 755 1895 tuum.¹

125 1949 177 2007 Nec
190 1972 247 2011 vos
264 1964 314 2011 aut
331 1956 445 2027 capiant
456 1955 609 2027 pendentia
620 1954 742 2010 brachia
754 1954 846 2023 collo,
861 1947 897 2007 46

175 2068 232 2125 Aut
251 2070 331 2125 fallat
346 2048 454 2127 blanda
470 2069 583 2134 sordida
599 2056 696 2139 lingua
712 2085 813 2140 prece.

125 2175 171 2234 Etli
186 2196 296 2256 perque
312 2185 380 2240 suos
399 2183 487 2241 fallax
497 2185 605 2255 jurarit
621 2185 734 2238 ocellos
743 2224 753 2252 ,
868 2233 876 2244 ,

175 2295 386 2371 Junonemque
399 2301 491 2366 suam,
508 2315 621 2369 perque
634 2299 713 2351 suam
731 2296 895 2351 Venerem:

125 2408 199 2470 Nulla
214 2416 288 2472 fides
306 2417 410 2474 fuerit!
439 2415 575 2487 Perjun'a
594 2415 667 2470 ridet
684 2424 831 2468 amantum

176 2529 307 2604 Jupiter,
325 2541 356 2587 et
371 2541 476 2587 ventos
495 2533 574 2588 irrita
592 2533 669 2586 ferre
680 2530 780 2599 jubet.
862 2531 899 2584 50

79 2615 80 2620 ἵ
125 2637 193 2710 Ergo
208 2647 276 2717 quid
293 2619 400 2701 totiens
417 2645 530 2704 fallacia
544 2654 612 2700 vota
630 2646 753 2717 puellae,
857 2709 859 2713 Ι

180 2760 373 2835 Conqueror?
391 2762 436 2830 lte
454 2780 470 2816 a
486 2779 547 2830 me,
566 2762 640 2817 seria
656 2762 760 2830 verba,
777 2760 897 2832 procul.
989 2760 993 2771 '

127 2871 212 2946 Quam
236 2879 346 2933 vellem
372 2885 470 2942 tecum
497 2856 600 2946 longas
628 2875 812 2949 requiescere
838 2892 896 2930 no·
933 2909 939 2920 ·

406 3040 411 3050 .
476 3004 592 3063 ,ctes,

178 3103 217 3162 Et
231 3117 328 3164 tecum
340 3109 451 3179 longos
462 3108 736 3184 pervigssaredies!

376 3224 490 3296 ..1.
