2250 4200
291 314 325 363 50
481 305 893 361 AnnrnTrnnnnr

291 478 356 534 Illic
373 474 574 549 perc-ultisque
591 474 674 544 genis
691 476 812 547 ustoque
830 475 937 548 capillo

356 591 445 646 Errat
462 590 498 645 ad
515 590 657 645 obscuros
676 590 779 661 pauida
798 589 885 645 turba
901 589 999 645 lacus,

292 707 391 782 Quam
410 707 506 778 potius
530 706 692 803 landandus
715 705 846 773 bineli,
881 723 972 778 quem
1001 709 1107 778 prole

646 882 649 890 ,
692 828 791 889 parata

357 936 493 1007 Occupat
510 938 539 991 in
556 952 647 1006 parva
664 935 744 1007 pigra
761 936 873 989 senecta
888 936 968 989 casa!
1011 947 1017 957 ·
1065 928 1106 990 40

291 1054 353 1126 lpse
371 1055 434 1109 suas
451 1054 575 1107 sectatur
592 1066 685 1119 oves,
702 1059 731 1105 at
747 1049 822 1105 filius
840 1066 945 1120 agnos;

325 1225 327 1229 ,
354 1168 395 1222 Et
411 1167 534 1221 calidam
552 1166 622 1221 fesso
641 1173 793 1237 comparat
808 1182 890 1223 uxor
905 1182 1037 1238 aquam.

289 1283 337 1340 Sic
354 1298 409 1352 ego
427 1280 479 1336 fim
489 1322 499 1351 ,
524 1281 668 1351 liceatque
687 1288 775 1352 eaput
790 1274 963 1337 eandeseere
981 1283 1098 1354 canis,

353 1396 513 1469 Temporis
531 1402 560 1449 et
576 1393 658 1466 prisci
672 1396 751 1448 ¹faeta
768 1396 881 1451 referre
897 1398 1012 1453 senem.

289 1512 405 1569 Interea
418 1510 484 1567 Pax
498 1526 568 1565 arva
579 1509 670 1564 colat.
689 1508 756 1564 Pax
768 1509 888 1565 candida
899 1509 1039 1582 primum
1059 1507 1097 1567 4⁵

354 1626 452 1684 Duxit
470 1632 602 1683 araturos
619 1625 669 1681 sub
681 1625 754 1697 juga
769 1625 864 1698 panda
880 1626 991 1685 boves.

287 1747 353 1804 Pax
371 1746 440 1801 aluit
456 1746 549 1813 viteS,
574 1755 604 1798 et
620 1747 723 1799 flaccos
741 1742 869 1803 condidit
885 1762 980 1817 uvae,

353 1862 501 1934 Funderet
517 1868 548 1915 ut
564 1868 634 1915 nato
651 1862 719 1916 testa
737 1870 858 1934 paterna
875 1878 1009 1919 merum.

284 1989 364 2045 Pace
382 1986 488 2043 bidens
506 2004 673 2060 vomerque
692 1988 803 2058 vigent:
822 1997 852 2044 at
867 1989 952 2043 tristia
969 1990 1040 2044 duri

351 2103 455 2158 Militis
472 2104 501 2158 in
518 2102 647 2158 tenebris
665 2112 791 2176 occupat
808 2120 889 2159 anna
906 2103 988 2160 fitus.
1050 2107 1088 2158 50

285 2219 420 2274 Rusticus
440 2228 469 2274 et
485 2219 553 2274 luco
572 2218 687 2273 revehit
703 2219 779 2273 male
797 2217 910 2274 sobrius
926 2219 985 2290 ipse

352 2335 489 2393 Uxorem
506 2335 633 2408 plaustro
650 2335 883 2407 progeniemque
901 2335 1043 2391 domum.

285 2449 342 2505 Sed
365 2449 488 2507 Veneris
512 2460 575 2505 tum
597 2449 676 2505 bella
699 2442 1000 2523 'calent3'',soiffosque
1027 2464 1081 2503 ca,

685 2561 790 2634 pillos·

266 2753 268 2760 J
349 2682 487 2748 Femina,
515 2682 676 2752 perfractas
694 2681 947 2752 conqueriturque
963 2681 1061 2736 fores,

283 2793 346 2850 Flet
363 2803 480 2848 teneras
496 2792 607 2848 subtusa
624 2801 729 2865 gena's;
748 2793 795 2851 Μ
811 2795 909 2855 victor
922 2801 951 2849 et
965 2794 1024 2866 ipse
1042 2791 1077 2843 55

347 2907 429 2975 Flet,
453 2907 504 2964 fibi
522 2909 674 2963 dementes
691 2919 751 2963 tam
768 2910 887 2966 valuiffe
903 2925 1022 2965 manus.

282 3023 322 3078 At
339 3023 464 3079 lascivus
481 3025 581 3081 Amor
597 3025 678 3081 rixae
695 3026 773 3082 mala
789 3025 881 3081 verba
896 3025 1055 3091 ministrat,

348 3137 432 3194 Inter
449 3147 478 3194 et
496 3141 601 3198 iratum
617 3139 713 3198 lentus
726 3146 886 3215 utrumque
903 3139 992 3196 sedet.
